@ARTICLE{7243327,
  author={Feix, Thomas and Romero, Javier and Schmiedmayer, Heinz-Bodo and Dollar, Aaron M. and Kragic, Danica},
  journal={IEEE Transactions on Human-Machine Systems}, 
  title={The GRASP Taxonomy of Human Grasp Types}, 
  year={2016},
  volume={46},
  number={1},
  pages={66-77},
  keywords={Taxonomy;Thumb;Force;Robots;Grasping;Shape;Man machine systems;Hand/wrist posture;human–robot interaction;taxonomies;robotics;human factors;Hand/wrist posture;human–robot interaction;taxonomies;robotics;human factors},
  doi={10.1109/THMS.2015.2470657}}
